% Encoding: UTF-8

@Book{mest2009,
  title     = {Непрерывная морфология бинарных изображений: фигуры, скелеты, циркуляры},
  publisher = {Физматлит},
  year      = {2009},
  author    = {Леонид Моисеевич Местецкий},
}

@Article{tran2016,
  author = {Han Altae-Tran and Bharath Ramsundar and Aneesh S. Pappu and Vijay Pande},
  title  = {Low Data Drug Discovery with One-shot Learning},
  year   = {2016},
}

@InProceedings{conf/icdar/CiresanMGS11,
  title =	"Convolutional Neural Network Committees for
		 Handwritten Character Classification",
  author =	"Dan Claudiu Ciresan and Ueli Meier and Luca Maria
		 Gambardella and J{\"u}rgen Schmidhuber",
  publisher =	"IEEE Computer Society",
  year = 	"2011",
  bibdate =	"2017-05-24",
  bibsource =	"DBLP,
		 http://dblp.uni-trier.de/https://doi.org/10.1109/ICDAR.2011.229;
		 DBLP,
		 http://dblp.uni-trier.de/db/conf/icdar/icdar2011.html#CiresanMGS11",
  booktitle =	"ICDAR",
  crossref =	"conf/icdar/2011",
  ISBN = 	"978-1-4577-1350-7",
  pages =	"1135--1139",
  URL =  	"http://ieeexplore.ieee.org/xpl/mostRecentIssue.jsp?punumber=6065245;
		 http://www.computer.org/csdl/proceedings/icdar/2011/4520/00/index.html",
}

@article{mest2006,
author = {Klimenko, Stanislav and Mestetskiy, Leonid and Semenov, A},
year = {2006},
month = {01},
pages = {},
title = {Handwritten fonts modeling based on fat curves},
journal = {GraphiCon 2006 - International Conference on Computer Graphics and Vision, Proceedings}
}

@Article{journals/kbs/GoyalF18,
  title =	"Graph embedding techniques, applications, and
		 performance: A survey",
  author =	"Palash Goyal and Emilio Ferrara",
  journal =	"Knowl.-Based Syst",
  year = 	"2018",
  volume =	"151",
  bibdate =	"2018-06-01",
  bibsource =	"DBLP,
		 http://dblp.uni-trier.de/https://doi.org/10.1016/j.knosys.2018.03.022;
		 DBLP,
		 http://dblp.uni-trier.de/db/journals/kbs/kbs151.html#GoyalF18",
  pages =	"78--94",
}

@Article{journals/corr/abs-1709-07604,
  title =	"A Comprehensive Survey of Graph Embedding: Problems,
		 Techniques and Applications",
  author =	"HongYun Cai and Vincent W. Zheng and Kevin Chen-Chuan
		 Chang",
  journal =	"CoRR",
  year = 	"2017",
  volume =	"abs/1709.07604",
  bibdate =	"2018-08-13",
  bibsource =	"DBLP,
		 http://dblp.uni-trier.de/db/journals/corr/corr1709.html#abs-1709-07604",
  URL =  	"http://arxiv.org/abs/1709.07604",
}

@InProceedings{conf/aist/KushnirS15,
  title =	"Shape Matching Based on Skeletonization and Alignment
		 of Primitive Chains",
  author =	"Olesia Kushnir and Oleg Seredin",
  bibdate =	"2017-06-15",
  bibsource =	"DBLP,
		 http://dblp.uni-trier.de/https://doi.org/10.1007/978-3-319-26123-2_12;
		 DBLP,
		 http://dblp.uni-trier.de/db/conf/aist/aist2015.html#KushnirS15",
  booktitle =	"Analysis of Images, Social Networks and Texts - 4th
		 International Conference, AIST 2015, Yekaterinburg,
		 Russia, April 9-11, 2015, Revised Selected Papers",
  publisher =	"Springer",
  year = 	"2015",
  volume =	"542",
  booktitle =	"AIST",
  editor =	"Mikhail Yu. Khachay and Natalia Konstantinova and
		 Alexander Panchenko and Dmitry I. Ignatov and Valeri G.
		 Labunets",
  ISBN = 	"978-3-319-26122-5",
  pages =	"123--136",
  series =	"Communications in Computer and Information Science",
}

@Article{journals/corr/Fujita15,
  title =	"Extract an essential skeleton of a character as a
		 graph from a character image",
  author =	"Kazuhisa Fujita",
  journal =	"CoRR",
  year = 	"2015",
  volume =	"abs/1506.05068",
  bibdate =	"2018-08-13",
  bibsource =	"DBLP,
		 http://dblp.uni-trier.de/db/journals/corr/corr1506.html#Fujita15",
  URL =  	"http://arxiv.org/abs/1506.05068",
}

@Article{journals/corr/DirnbergerNK15,
  title =	"NEFI: Network Extraction From Images",
  author =	"Michael Dirnberger and Adrian Neumann and Tim Kehl",
  journal =	"CoRR",
  year = 	"2015",
  volume =	"abs/1502.05241",
  bibdate =	"2018-08-13",
  bibsource =	"DBLP,
		 http://dblp.uni-trier.de/db/journals/corr/corr1502.html#DirnbergerNK15",
  URL =  	"http://arxiv.org/abs/1502.05241",
}

@inproceedings{mest2008,
author = {Mestetskiy, Leonid and Semenov, Andrey},
year = {2008},
month = {01},
pages = {251-258},
title = {Binary Image Skeleton - Continuous Approach.},
volume = {1},
journal = {VISAPP 2008 - 3rd International Conference on Computer Vision Theory and Applications, Proceedings}
}

@article{skan_lib,
author = {Nunez-Iglesias, Juan and Blanch, Adam and Looker, Oliver and W. Dixon, Matthew and Tilley, Leann},
year = {2018},
month = {02},
pages = {e4312},
title = {A new Python library to analyse skeleton images confirms malaria parasite remodelling of the red blood cell membrane skeleton},
volume = {6},
journal = {PeerJ},
doi = {10.7717/peerj.4312}
}

@article{Svm_cush,
author = {Кушнир О.А.},
year = {2018},
pages = {252-263},
title = {Сравнение формы бинарных растровых изображений на основе скелетизации},
journal = {Машинное обучение и анализ данных, 2012. Т. 1, No 3.}
}

@article{rf_msu,
author = {Липкина А.Л., Местецкий Л.М.},
year = {2018},
pages = {362-368},
title = {Классификация букв в изображениях на основе медиального представления},
journal = {GraphiCon 2018: труды 28-й Междунар. конф. по компьютерной графике и машинному зрению}
}

@article{rsf,
author = {Petroski Such, Felipe and Sah, Shagan and Dominguez, Miguel and Pillai, Suhas and Zhang, Chao and Michael, Andrew and Cahill, Nathan and Ptucha, Raymond},
year = {2017},
month = {03},
pages = {},
title = {Robust Spatial Filtering with Graph Convolutional Neural Networks},
volume = {PP},
journal = {IEEE Journal of Selected Topics in Signal Processing},
doi = {10.1109/JSTSP.2017.2726981}
}